<?xml version="1.0" encoding="UTF-8"?><collection xmlns="http://www.loc.gov/MARC21/slim"><record><leader>00595nam--2200205-u-4500</leader><controlfield tag="001">000056671</controlfield><controlfield tag="002">20161230</controlfield><controlfield tag="005">20161230201052</controlfield><controlfield tag="008">160406s1000------------r-----000-0-eng-d</controlfield><datafield ind1=" " ind2=" " tag="040"><subfield code="a">IFIN-HH</subfield></datafield><datafield ind1=" " ind2=" " tag="080"><subfield code="a">530.1</subfield></datafield><datafield ind1="1" ind2=" " tag="100"><subfield code="a">Slater,John C</subfield></datafield><datafield ind1="1" ind2="0" tag="245"><subfield code="a">Introduction to theoretical physics</subfield><subfield code="c">John c. slater, nathaniel h. frank</subfield></datafield><datafield ind1=" " ind2=" " tag="250"><subfield code="a">First Edition Tenth Impression</subfield></datafield><datafield ind1=" " ind2=" " tag="260"><subfield code="a">New York</subfield><subfield code="b">Mcgraw -hill Book Company, Inc</subfield><subfield code="c">1933</subfield></datafield><datafield ind1=" " ind2=" " tag="300"><subfield code="a">XX+576P</subfield></datafield><datafield ind1=" " ind2=" " tag="490"><subfield code="a">International Series In Physics</subfield></datafield><datafield ind1="1" ind2=" " tag="700"><subfield code="a">Frank, Nathaniel H</subfield></datafield><datafield ind1=" " ind2=" " tag="852"><subfield code="a">932</subfield><subfield code="c">530.1</subfield></datafield><datafield ind1=" " ind2=" " tag="CAT"><subfield code="a">Sys</subfield><subfield code="c">20160406</subfield><subfield code="h">145418</subfield></datafield></record></collection>